@incollection{book,
	title={Double-Layer Structure and Adsorption},
	author={Allen J. Bard and Larry R. Faulkner},
	booktitle={Electrochemical Methods: Fundamentals and Applications},
	edition={2da},
	publisher={John Wiley \& Sons},
	year={2001},
	pages={534--579},
}

@article{article,
	title={Getting into Shape: Reflections on a New Generation of Cylindrical Nanostructuresâ€™ Self-Assembly Using Polymer Building Blocks},
	author={Miguel Garcia and Nicolas Garcia},
	journal={Journal of the American Chemical Society},
	volume={141},
	number={7},
	pages={2742--2753},
	year={2019},
	doi={10.1021/jacs.8b08648},
}
