@misc{Referencia,
	author = {{Organización Mundial del Comercio }},
	title = {El comercio mundial listo para una recuperación sólida, aunque desigual, después de la pandemia de COVID-19},
	year = {2021},
	url={https://www.wto.org/spanish/news_s/pres21_s/pr876_s.htm}
}

